<collection xmlns:xsi="http://www.w3.org/2001/XMLSchema-instance" xmlns="http://www.loc.gov/MARC21/slim" xsi:schemaLocation="http://www.loc.gov/MARC21/slim http://www.loc.gov/standards/marcxml/schema/MARC21slim.xsd">

<record>
  <leader>06599ckdaa2200733 a 4500</leader>
  <controlfield tag="001">3462370</controlfield>
  <controlfield tag="005">20100226103431.0</controlfield>
  <controlfield tag="008">890519s1911    xx ||| |||||||   1k|eng d</controlfield>
  <datafield tag="035" ind1=" " ind2=" ">
    <subfield code="a">(OCoLC)80640645</subfield>
  </datafield>
  <datafield tag="035" ind1=" " ind2=" ">
    <subfield code="a">(OCoLC)ocm80640645</subfield>
  </datafield>
  <datafield tag="035" ind1=" " ind2=" ">
    <subfield code="a">(CStRLIN)NYDA89-F627</subfield>
  </datafield>
  <datafield tag="035" ind1=" " ind2=" ">
    <subfield code="9">AAA2841AD</subfield>
  </datafield>
  <datafield tag="035" ind1=" " ind2=" ">
    <subfield code="a">(NNC)3462370</subfield>
  </datafield>
  <datafield tag="040" ind1=" " ind2=" ">
    <subfield code="a">NNC</subfield>
    <subfield code="c">NNC</subfield>
    <subfield code="e">gihc</subfield>
  </datafield>
  <datafield tag="043" ind1=" " ind2=" ">
    <subfield code="a">n-us-ca</subfield>
  </datafield>
  <datafield tag="090" ind1=" " ind2=" ">
    <subfield code="i">05/16/01 N</subfield>
    <subfield code="h">01/09/92 N</subfield>
  </datafield>
  <datafield tag="110" ind1="2" ind2=" ">
    <subfield code="a">Greene &amp; Greene.</subfield>
  </datafield>
  <datafield tag="240" ind1="1" ind2="0">
    <subfield code="a">Earle C. Anthony automobile showroom (Los Angeles, Calif.).</subfield>
    <subfield code="p">Interior, entrance and exterior details</subfield>
  </datafield>
  <datafield tag="245" ind1="1" ind2="0">
    <subfield code="a">Show room, service building for Earle C. Anthony, Esq., Los Angeles, Calif.</subfield>
    <subfield code="h">[graphic] :</subfield>
    <subfield code="b">/</subfield>
    <subfield code="c">Greene &amp; Greene, Architects.</subfield>
  </datafield>
  <datafield tag="260" ind1=" " ind2=" ">
    <subfield code="c">[1911]</subfield>
  </datafield>
  <datafield tag="300" ind1=" " ind2=" ">
    <subfield code="a">15 drawings :</subfield>
    <subfield code="b">various media ;c76 x 104.1 cm. (30 x 41 in.) or smaller.</subfield>
  </datafield>
  <datafield tag="500" ind1=" " ind2=" ">
    <subfield code="a">Date from inventory.</subfield>
  </datafield>
  <datafield tag="500" ind1=" " ind2=" ">
    <subfield code="a">Bracketed title elements supplied by cataloger or taken from inventory.</subfield>
  </datafield>
  <datafield tag="500" ind1=" " ind2=" ">
    <subfield code="a">Forms part of the Greene &amp; Greene colection of architectural drawings ; job no. 274.</subfield>
  </datafield>
  <datafield tag="500" ind1=" " ind2=" ">
    <subfield code="a">Scale varies.</subfield>
  </datafield>
  <datafield tag="500" ind1=" " ind2=" ">
    <subfield code="a">This set consists of 12 ink drawings on cloth (most with pencil markings), 2 pencil drawimgs on tracing paper, and 1 pencil and ink drawing on tracing paper.</subfield>
  </datafield>
  <datafield tag="500" ind1=" " ind2=" ">
    <subfield code="a">"Earle C. Anthony turned to the large architectural firm of Parkinson and Bergstrom for the design of the basic structure of his grand automobile showroom in downtown Los Angeles, but also commissioned Greene &amp; Greene to design the building's detail, entrance and interiors" -- Greene &amp; Greene, architecture as a fine art, by Randell L. Makinson, Salt Lake City, Peregrine Smith, 1977. p. 202.</subfield>
  </datafield>
  <datafield tag="561" ind1=" " ind2=" ">
    <subfield code="a">Gift of Jean Murray Bangs (Mrs. Harwell Hamilton Harris), 1960; formerly the collection of Charles Sumner Greene.</subfield>
  </datafield>
  <datafield tag="650" ind1=" " ind2="7">
    <subfield code="a">Automobile showrooms.</subfield>
    <subfield code="2">aat</subfield>
  </datafield>
  <datafield tag="650" ind1=" " ind2="7">
    <subfield code="a">Entrances.</subfield>
    <subfield code="2">aat</subfield>
  </datafield>
  <datafield tag="650" ind1=" " ind2="7">
    <subfield code="a">Columns.</subfield>
    <subfield code="2">aat</subfield>
  </datafield>
  <datafield tag="650" ind1=" " ind2="7">
    <subfield code="a">Pilasters.</subfield>
    <subfield code="2">aat</subfield>
  </datafield>
  <datafield tag="650" ind1=" " ind2="7">
    <subfield code="a">Canopies.</subfield>
    <subfield code="2">aat</subfield>
  </datafield>
  <datafield tag="650" ind1=" " ind2="7">
    <subfield code="a">Showrooms.</subfield>
    <subfield code="2">aat</subfield>
  </datafield>
  <datafield tag="655" ind1=" " ind2="7">
    <subfield code="a">Reflected ceiling plans.</subfield>
    <subfield code="2">aat</subfield>
  </datafield>
  <datafield tag="655" ind1=" " ind2="7">
    <subfield code="a">Detail drawings.</subfield>
    <subfield code="2">aat</subfield>
  </datafield>
  <datafield tag="655" ind1=" " ind2="7">
    <subfield code="a">Interior elevations.</subfield>
    <subfield code="2">aat</subfield>
  </datafield>
  <datafield tag="655" ind1=" " ind2="7">
    <subfield code="a">Architectural drawings</subfield>
    <subfield code="x">American.</subfield>
    <subfield code="2">aat</subfield>
  </datafield>
  <datafield tag="655" ind1=" " ind2="7">
    <subfield code="a">Orthographic drawings.</subfield>
    <subfield code="2">aat</subfield>
  </datafield>
  <datafield tag="691" ind1=" " ind2="0">
    <subfield code="a">Los Angeles (Calif.)</subfield>
  </datafield>
  <datafield tag="697" ind1="2" ind2="4">
    <subfield code="a">Earle C. Anthony automobile showroom (Los Angeles, Calif.)</subfield>
  </datafield>
  <datafield tag="650" ind1=" " ind2="0">
    <subfield code="a">Architecture</subfield>
    <subfield code="z">United States</subfield>
    <subfield code="v">Designs and plans.</subfield>
  </datafield>
  <datafield tag="700" ind1="1" ind2=" ">
    <subfield code="a">Greene, Charles Sumner,</subfield>
    <subfield code="d">1868-1957.</subfield>
  </datafield>
  <datafield tag="700" ind1="1" ind2=" ">
    <subfield code="a">Greene, Henry Mather,</subfield>
    <subfield code="d">1870-1954.</subfield>
  </datafield>
  <datafield tag="700" ind1="1" ind2=" ">
    <subfield code="a">Anthony, Earle C.</subfield>
  </datafield>
  <datafield tag="755" ind1=" " ind2=" ">
    <subfield code="a">Ink drawings.</subfield>
    <subfield code="2">aat</subfield>
  </datafield>
  <datafield tag="755" ind1=" " ind2=" ">
    <subfield code="a">Pencil drawings.</subfield>
    <subfield code="2">aat</subfield>
  </datafield>
  <datafield tag="799" ind1="4" ind2="1">
    <subfield code="a">The Greene &amp; Greene collection of architectural drawings.</subfield>
  </datafield>
  <datafield tag="789" ind1="0" ind2=" ">
    <subfield code="1">[1]</subfield>
    <subfield code="i">NYDA.1960.001.00207.</subfield>
    <subfield code="v">[AVERYimage].</subfield>
    <subfield code="t">First floor plan [with tiling pattern in one corner] :</subfield>
    <subfield code="n">Sheet no. 7.</subfield>
  </datafield>
  <datafield tag="789" ind1="0" ind2=" ">
    <subfield code="1">[2]</subfield>
    <subfield code="i">NYDA.1960.001.00208.</subfield>
    <subfield code="v">[AVERYimage].</subfield>
    <subfield code="t">Tile detail of floor, show room, [plan] :</subfield>
    <subfield code="n">1.</subfield>
  </datafield>
  <datafield tag="789" ind1="0" ind2=" ">
    <subfield code="1">[3]</subfield>
    <subfield code="i">NYDA.1960.001.00209.</subfield>
    <subfield code="v">[AVERYimage].</subfield>
    <subfield code="t">Second floor plan, elevations and sections [of] first floor [and] second floor :</subfield>
    <subfield code="n">Sheet no. 8.</subfield>
  </datafield>
  <datafield tag="789" ind1="0" ind2=" ">
    <subfield code="1">[4]</subfield>
    <subfield code="i">NYDA.1960.001.00210.</subfield>
    <subfield code="v">[AVERYimage].</subfield>
    <subfield code="t">East elevation cols. 12 and 17, north elevation showing cols. 12 and 13 :</subfield>
    <subfield code="n">Sheet no. 9</subfield>
  </datafield>
  <datafield tag="789" ind1="0" ind2=" ">
    <subfield code="1">[5]</subfield>
    <subfield code="i">NYDA.1960.001.00211.</subfield>
    <subfield code="v">[AVERYimage].</subfield>
    <subfield code="t">West elevation [of] office no. 2, north elevation [of] office no. 2 [and] office no. 1, F[ull] s[cale] d[etail] of inlay in top rail, F.S. details [in sections], F.S. detail of inlay, F.S. detail of inlay in panels ; 3/4" scale detail of cashier's cases and counter -- part interior [elevation], part exterior [elevation], section, F.S. detail of bracket ; screen -- section, plan of small bar, part elev. of intermediete rail :</subfield>
    <subfield code="n">Sheet no. 10.</subfield>
  </datafield>
  <datafield tag="789" ind1="0" ind2=" ">
    <subfield code="1">[6]</subfield>
    <subfield code="i">NYDA.1960.001.00212.</subfield>
    <subfield code="v">[AVERYimage].</subfield>
    <subfield code="t">1/4" &amp; 3" scale details of marquee -- ornament on rod, elevation and section of bracket H, section[s] A-A [and] B-B [and] C-C [and] D-D, plan and section showing corner piece for holding suspended lights, [elevation with sections of rosettes and fringe at bottom of marquee], sectional elevation of side showing interior, half front elevation of exterior, half front elevation of interior, half plan looking down, half plan looking up, side elevation showing exterior, plan [and] elevation of front entrance &amp; doors :</subfield>
    <subfield code="n">Sheet no. 12.</subfield>
  </datafield>
  <datafield tag="789" ind1="0" ind2=" ">
    <subfield code="1">[7]</subfield>
    <subfield code="i">NYDA.1960.001.00213.</subfield>
    <subfield code="v">[AVERYimage].</subfield>
    <subfield code="t">Stairway details -- plan [at] second floor, plan [at] first floor, section on line A-A, section thro' landing, inside elevation of string, plan of backs of risers, north elevation, west elevation, south elevation, elev. of inside string as it would appear if straightened out in plan :</subfield>
    <subfield code="n">Sheet no. 14.</subfield>
  </datafield>
  <datafield tag="789" ind1="0" ind2=" ">
    <subfield code="1">[8]</subfield>
    <subfield code="i">NYDA.1960.001.00214.</subfield>
    <subfield code="v">[AVERYimage].</subfield>
    <subfield code="t">3/4" scale details of finish around columns -- plan of ceiling, side elevation of pilaster, elevation of column, section of concrete slab, section of side pilaster at base, section of column at base, section of front pilaster at base :</subfield>
    <subfield code="n">Sheet no. 16A.</subfield>
    <subfield code="o">"Sheet no. 16 is incorrect &amp; should be destroyed".</subfield>
  </datafield>
  <datafield tag="789" ind1="0" ind2=" ">
    <subfield code="1">[9]</subfield>
    <subfield code="i">NYDA.1960.001.00215.</subfield>
    <subfield code="v">[AVERYimage].</subfield>
    <subfield code="t">Plan [and] front elevation of elevator doors for 1st &amp; 2nd floors, F[ull] s[cale] plan of edge of doors ; details of sliding doors between showroom &amp; rear -- plan, elevation, section, typical F.S. sections :nSheet no. 20.</subfield>
  </datafield>
  <datafield tag="789" ind1="0" ind2=" ">
    <subfield code="1">[10]</subfield>
    <subfield code="i">NYDA.1960.001.00216.</subfield>
    <subfield code="v">[AVERYimage].</subfield>
    <subfield code="t">[Elevation of] elevator cage -- front, rear, side :</subfield>
    <subfield code="n">Sheet no. 21.</subfield>
  </datafield>
  <datafield tag="789" ind1="0" ind2=" ">
    <subfield code="1">[11]</subfield>
    <subfield code="i">NYDA.1960.001.00217.</subfield>
    <subfield code="v">[AVERYimage].</subfield>
    <subfield code="t">3/4" scale details of capitals &amp; beams for columns &amp; pilasters -- ceiling plan of side pilasters, ceiling plan of columns, side elevation of side pilasters, elevation of columns, ceiling plan of front pilasters, ceiling plan of corner pilasters, side elev. of front pilasters, front elev. of all pilasters, side elevation of corner pilasters :</subfield>
    <subfield code="n">Sheet no. 31 /</subfield>
    <subfield code="c">drawn by H.B.</subfield>
  </datafield>
  <datafield tag="789" ind1="0" ind2=" ">
    <subfield code="1">[12]</subfield>
    <subfield code="i">NYDA.1960.001.00218.</subfield>
    <subfield code="v">[AVERYimage].</subfield>
    <subfield code="t">Show room -- floor plan showing ceiling above :</subfield>
    <subfield code="n">Sheet no. 32 /</subfield>
    <subfield code="c">drawn by L.H.L., H.B., L.W.C.</subfield>
  </datafield>
  <datafield tag="789" ind1="0" ind2=" ">
    <subfield code="1">[13]</subfield>
    <subfield code="i">NYDA.1960.001.00219.</subfield>
    <subfield code="v">[AVERYimage].</subfield>
    <subfield code="t">3/4" scale detail of insert -- elevation of column, plan looking up, sect'n of concrete slab :</subfield>
    <subfield code="n">Sheet no. 37 /</subfield>
    <subfield code="c">made by L.W.C.</subfield>
    <subfield code="o">"Note -- this figure is correct and supersedes all figures on previous drawings".</subfield>
  </datafield>
  <datafield tag="789" ind1="0" ind2=" ">
    <subfield code="1">[14]</subfield>
    <subfield code="i">NYDA.1960.001.00220.</subfield>
    <subfield code="v">[AVERYimage].</subfield>
    <subfield code="t">[Show room] -- north elevation, plan of corner pilaster, plan of side pilaster, west elevation, plan of front pilaster :</subfield>
    <subfield code="n">Sheet no. 39 /</subfield>
    <subfield code="c">drawn by L.W.C.</subfield>
  </datafield>
  <datafield tag="789" ind1="0" ind2=" ">
    <subfield code="1">[15]</subfield>
    <subfield code="i">NYDA.1960.001.00221.</subfield>
    <subfield code="v">[AVERYimage].</subfield>
    <subfield code="t">[Show room] -- south elevation :</subfield>
    <subfield code="n">Sheet no. 40 /</subfield>
    <subfield code="c">drawn by L.W.C.</subfield>
  </datafield>
  <datafield tag="900" ind1=" " ind2=" ">
    <subfield code="a">AUTH</subfield>
  </datafield>
</record>

</collection>